@online{Wikipedia-Scrum,
    author={Wikipedia},
    title={Scrum},
    url={https://en.wikipedia.org/wiki/Scrum_(software_development)},
    urldate={2020-10-1}
}

@online{Wikipedia-Scrum-History,
    author={Wikipedia},
    title={Scrum History},
    url={https://en.wikipedia.org/wiki/Scrum_(software_development)#History},
    urldate={2020-10-1}
}

@online{Wikipedia-Design-Thinking,
    author={Wikipedia},
    title={Design Thinking},
    url={https://en.wikipedia.org/wiki/Design_thinking},
    urldate={2020-10-2}
}

